@article{knuth84,
  author = {Knuth, Donald E.},
  title = {Literate Programming},
  year = {1984},
  issue_date = {May 1984},
  publisher = {Oxford University Press, Inc.},
  address = {USA},
  volume = {27},
  number = {2},
  issn = {0010-4620},
  url = {https://doi.org/10.1093/comjnl/27.2.97},
  doi = {10.1093/comjnl/27.2.97},
  journal = {Comput. J.},
  month = may,
  pages = {97–111},
  numpages = {15}
}



@article{abarbanell1997,
	title = {Fundamental Analysis, Future Earnings, and Stock Prices},
	author = {Abarbanell, Jeffrey S and Bushee, Brian J},
	year = {1997},
	date = {1997},
	journal = {Journal of Accounting Research},
	pages = {1{\textendash}24},
	volume = {35},
	number = {1},
	url = {http://search.ebscohost.com/login.aspx?direct=true&db=buh&AN=9708246164&lang=ja&site=ehost-live},
	note = {tex.ids: abarbanellFundamentalAnalysisFuture1997a
PMID: 9708246164
publisher: Wiley-Blackwell}
}

@article{rousseau2006,
	title = {Is there Such a thing as {\textquotedblleft}Evidence-Based Management{\textquotedblright}?},
	author = {Rousseau, Denise M.},
	year = {2006},
	month = {04},
	date = {2006-04},
	journal = {Academy of Management Review},
	pages = {256--269},
	volume = {31},
	number = {2},
	doi = {10.5465/amr.2006.20208679},
	url = {http://journals.aom.org/doi/10.5465/amr.2006.20208679},
	langid = {en}
}

@book{sato2015a,
	title = {社会調査の考え方 上},
	author = {{佐藤}, {郁哉}},
	year = {2015},
	date = {2015},
	publisher = {東京大学出版会},
	url = {https://elib.maruzen.co.jp/elib/html/BookDetail/Id/3000031583 , https://utokyo.idm.oclc.org/login?url=https://elib.maruzen.co.jp/elib/html/BookDetail/Id/3000031583},
	note = {Citation Key: sato2015a}
}

@book{sato2015b,
	title = {社会調査の考え方 下},
	author = {{佐藤}, {郁哉}},
	year = {2015},
	date = {2015},
	publisher = {東京大学出版会},
	url = {https://elib.maruzen.co.jp/elib/html/BookDetail/Id/3000031584 , https://utokyo.idm.oclc.org/login?url=https://elib.maruzen.co.jp/elib/html/BookDetail/Id/3000031584},
	note = {Citation Key: sato2015b}
}

@book{itami2001,
	title = {創造的論文の書き方},
	author = {{伊丹}, {敬之}},
	year = {2001},
	date = {2001},
	publisher = {有斐閣},
	url = {https://op.lib.kobe-u.ac.jp/opac/opac_details/?lang=0&amode=11&bibid=2001402253},
	address = {東京}
}

@book{tamura2006,
	title = {リサーチ・デザイン : 経営知識創造の基本技術},
	author = {{田村}, {正紀}},
	year = {2006},
	date = {2006},
	publisher = {白桃書房},
	note = {tex.key: 経営学 {\textendash} 研究法
Citation Key: tamura2006},
	address = {東京}
}

@book{suda2019,
	title = {マネジメント研究への招待 : 研究方法の種類と選択},
	author = {{須田}, {敏子}},
	year = {2019},
	date = {2019},
	publisher = {中央経済社},
	note = {tex.key: 経営学 {\textendash} 研究法
Citation Key: suda2019},
	address = {東京}
}
